<?xml version="1.0" encoding="UTF-8"?><collection xmlns="http://www.loc.gov/MARC21/slim"><record><leader>00580nam--2200193-u-4500</leader><controlfield tag="001">000053237</controlfield><controlfield tag="002">20161230</controlfield><controlfield tag="005">20161230201051</controlfield><controlfield tag="008">110113s1000------------r-----000-0-eng-d</controlfield><datafield ind1=" " ind2=" " tag="020"><subfield code="a">0198517432</subfield></datafield><datafield ind1=" " ind2=" " tag="040"><subfield code="a">IFIN-HH</subfield></datafield><datafield ind1=" " ind2=" " tag="080"><subfield code="a">539.171:539.219.3:538.913</subfield></datafield><datafield ind1="1" ind2=" " tag="100"><subfield code="a">Hempelmann, Rolf</subfield></datafield><datafield ind1="1" ind2="0" tag="245"><subfield code="a">Quasielastic neutron scattering and solid state diffusion</subfield><subfield code="c">Rolf hempelmann</subfield></datafield><datafield ind1=" " ind2=" " tag="260"><subfield code="a">Oxford</subfield><subfield code="b">Calderon Press</subfield><subfield code="c">2000</subfield></datafield><datafield ind1=" " ind2=" " tag="300"><subfield code="a">304P</subfield></datafield><datafield ind1=" " ind2=" " tag="490"><subfield code="a">Oxford Series On Neutron Scattering In Condensed Matter</subfield><subfield code="v">Vol. 13</subfield></datafield><datafield ind1=" " ind2=" " tag="852"><subfield code="a">81675</subfield><subfield code="c">539.2</subfield></datafield><datafield ind1=" " ind2=" " tag="CAT"><subfield code="a">Sys</subfield><subfield code="c">20110113</subfield><subfield code="h">094258</subfield></datafield></record></collection>